@book{localBook,
  title={Local search in combinatorial optimization},
  author={Aarts, EH Emile HL and Lenstra, Jan K},
  year={1997},
  publisher={Princeton University Press}
}
@book{aarts,
  title={Simulated annealing and Boltzmann machines},
  author={Aarts, Emile and Korst, Jan},
  year={1988},
  publisher={John Wiley and Sons Inc.}
}
@article{croes,
  title={A method for solving traveling-salesman problems},
  author={Croes, GA},
  journal={Operations Research},
  volume={6},
  number={6},
  pages={791--812},
  year={1958},
  publisher={INFORMS}
}
@article{lin,
  title={Computer Solutions of the Traveling Salesman Problem},
  author={Lin, Shen and others},
  journal={Bell System Technical Journal},
  volume={44},
  number={10},
  pages={2245--2269},
  year={1965}
}
@article{johnson,
  title={How easy is local search?},
  author={Johnson, David S and Papadimitriou, Christos H and Yannakakis, Mihalis},
  journal={Journal of Computer and System Sciences},
  volume={37},
  number={1},
  pages={79--100},
  year={1988},
  publisher={Elsevier}
}
@article{ren2012cheap,
  title={A Cheap Domain Ontology Construction Method Based on Graph Generation and Conversion Method},
  author={Ren, Feiliang},
  journal={Journal of Information and Computational Science},
  volume={9},
  number={18},
  pages={5823--5830},
  year={2012}
}
@article{johnson1997traveling,
  title={The traveling salesman problem: A case study in local optimization},
  author={Johnson, David S and McGeoch, Lyle A},
  journal={Local search in combinatorial optimization},
  pages={215--310},
  year={1997}
}
@inproceedings{brodley1996identifying,
  title={{Identifying and Eliminating Mislabeled Training Instances}},
  author={Brodley, Carla E and Friedl, Mark A},
  booktitle={Proceedings of the National Conference on Artificial Intelligence},
  year={1996}
}
@inproceedings{zhu2003eliminating,
  title={{Eliminating Class Noise in Large Datasets}},
  author={Zhu, Xingquan and Wu, Xindong and Chen, Qijun},
  booktitle={Machine Learning International Workshop, 2003},
}
@article{fukunaga1971algorithm,
  title={{An Algorithm for Finding Intrinsic Dimensionality of Data}},
  author={Fukunaga, Keinosuke and Olsen, David R},
  journal={IEEE Transactions on Computers, 1971},
}
@article{brezeale2008automatic,
  title={Automatic Video Classification: A Survey of the Literature},
  author={Brezeale, Darin and Cook, Diane J},
  journal={IEEE Transactions on Systems, Man, and Cybernetics, Part C: Applications and Reviews},
  volume={38},
  number={3},
  pages={416--430},
  year={2008},
  publisher={IEEE}
}
@inproceedings{schindler2008internet,
  title={{Internet Video Category Recognition}},
  author={Schindler, Grant and Zitnick, Larry and Brown, Matthew},
  booktitle={IEEE Computer Society Conference on Computer Vision and Pattern Recognition Workshops, 2008.  },
}
@inproceedings{chen2010effective,
  title={{An Effective Method for Video Genre Classification}},
  author={Chen, Jian-Feng and Lu, Hong and Wei, Renzhong and Jin, Cheng and Xue, Xiangyang},
  booktitle={ACM International Conference on Image and Video Retrieval, 2010},
}
@inproceedings{zhang2011improving,
  title={{Improving Video Classification via Youtube Video Co-watch Data}},
  author={Zhang, John R and Song, Yang and Leung, Thomas},
  booktitle={ACM workshop on Social and Behavioural Networked Media Access, 2011},
}
@inproceedings{wang2010youtubecat,
  title={{YouTubeCat: Learning to Categorize Wild Web Videos}},
  author={Wang, Zheshen and Zhao, Ming and Song, Yang and Kumar, Sanjiv and Li, Baoxin},
  booktitle={Proceedings of the IEEE Conference on Computer Vision and Pattern Recognition, 2010},
}
@inproceedings{song2010taxonomic,
  title={{Taxonomic Classification for Web-based Videos}},
  author={Song, Yang and Zhao, Ming and Yagnik, Jay and Wu, Xiaoyun},
  booktitle={Proceedings of the IEEE Conference on Computer Vision and Pattern Recognition, 2010},
}
@inproceedings{chen2010web,
  title={{Web Video Categorization based on Wikipedia Categories and Content-duplicated Open Resources}},
  author={Chen, Zhineng and Cao, Juan and Song, Yicheng and Zhang, Yongdong and Li, Jintao},
  booktitle={Proceedings of the ACM International Conference on Multimedia, 2010},
}
@article{wu2010data,
  title={Data-Driven Approaches to Community-Contributed Video Applications},
  author={Wu, Xiao and Ngo, Chong-Wah and Zhao, Wan-Lei},
  journal={IEEE MultiMedia},
  volume={4},
  number={17},
  pages={58--69},
  year={2010}
}
@inproceedings{ramachandran2009videomule,
  title={{Videomule: a Consensus Learning Approach to Multi-Label Classification from Noisy User-Generated Videos}},
  author={Ramachandran, Chandrasekar and Malik, Rahul and Jin, Xin and Gao, Jing and Nahrstedt, Klara and Han, Jiawei},
  booktitle={Proceedings of the ACM International Conference on Multimedia, 2009},
}
@inproceedings{yang2007multi,
  title={{Multi-Modality Web Video Categorization}},
  author={Yang, Linjun and Liu, Jiemin and Yang, Xiaokang and Hua, Xian-Sheng},
  booktitle={ACM International Workshop on Multimedia Information Retrieval, 2007},
}
@inproceedings{zanetti2008walk,
  title={{A Walk Through the Web’s Video Clips}},
  author={Zanetti, Sara and Zelnik-Manor, Lihi and Perona, Pietro},
  booktitle={IEEE Computer Society Conference on Computer Vision and Pattern Recognition Workshops, 2008 },
}
@ONLINE{Neilson2011,
title = {{Nielsen Report, February 2011}},
url = {http://www.nielsen.com/us/en/insights/news/2011/january-2011-online-video-usage-up-45.html}
}
@misc{website:ODP,
  author = {{Open Directory Project}},
  year = {2015},
  howpublished ="\url{http://www.dmoz.org}",
}
@misc{website:Wikipedia,
  author = {{Wikipedia}},
  year = {2015},
  howpublished ="\url{http://en.wikipedia.org/wiki/Main_Page}",
}
@incollection{nakayama2007wikipedia,
  title={{Wikipedia Mining for an Association Web Thesaurus Construction}},
  author={Nakayama, Kotaro and Hara, Takahiro and Nishio, Shojiro},
  booktitle={Web Information Systems Engineering, 2007},
  publisher={Springer}
}
@ONLINE{ReverseDictionary,
title = {{Reverse Dictionary}},
url = {http://www.onelook.com/reverse-dictionary.shtml}
}

@article{Marler04,
  title={Survey of Multi-Objective Optimization Methods for Engineering},
  author={Marler, R Timothy and Arora, Jasbir S},
  journal={Structural and multidisciplinary optimization},
  volume={26},
  number={6},
  pages={369--395},
  year={2004},
  publisher={Springer}
}
@article{Hertz94,
  title={A Multi-Criteria Tabu Search Approach to Cell Formation Problems in Group Technology with Multiple Objectives},
  author={Hertz, Alain and Jaumard, Brigitte and Ribeiro, CC and Formosinho Filho, WP},
  journal={Revue fran{\c{c}}aise d'automatique, d'informatique et de recherche op{\'e}rationnelle. Recherche op{\'e}rationnelle},
  volume={28},
  number={3},
  pages={303--328},
  year={1994}
}
@article{kulturel2006multi,
  title={Multi-Objective Tabu Search Using a Multinomial Probability Mass Function},
  author={Kulturel-Konak, Sadan and Smith, Alice E and Norman, Bryan A},
  journal={European Journal of Operational Research},
  volume={169},
  number={3},
  pages={918--931},
  year={2006},
  publisher={Elsevier}
}
@article{SumanAnnealing05,
  title={A survey of Simulated Annealing as a Tool for Single and Multiobjective Optimization},
  author={Suman, Balram and Kumar, Prabhat},
  journal={Journal of the Operational Research Society},
  volume={57},
  number={10},
  pages={1143--1160},
  year={2006},
  publisher={Nature Publishing Group}
}
@article{German84,
  title={Stochastic Relaxation, Gibbs Distributions, and the Bayesian Restoration of Images},
  author={Geman, Stuart and Geman, Donald},
  journal={IEEE Transactions on Pattern Analysis and Machine Intelligence},
  number={6},
  pages={721--741},
  year={1984},
  publisher={IEEE}
}
@article{Papalambros96,
  title={A Note on Weighted Criteria Methods for Compromise Solutions in Multi-Objective Optimization},
  author={Athan, Timothy Ward and Papalambros, Panos Y},
  journal={Engineering Optimization},
  volume={27},
  number={2},
  pages={155--176},
  year={1996},
  publisher={Taylor \& Francis}
}

@book{Bridgman22,
  title={Dimensional analysis},
  author={Bridgman, Percy Williams},
  year={1922},
  publisher={Yale University Press}
}
@article{Koski87,
  title={Norm Methods and Partial Weighting in Multicriterion Optimization of Structures},
  author={Koski, Juhani and Silvennoinen, Risto},
  journal={International Journal for Numerical Methods in Engineering},
  volume={24},
  number={6},
  pages={1101--1121},
  year={1987},
  publisher={Wiley Online Library}
}
@book{YoonHwang95,
  title={Multiple Attribute Decision Making: An Introduction},
  author={Yoon, K Paul and Hwang, Ching-Lai},
  volume={104},
  year={1995},
  publisher={Sage publications}
}
@book{HwangMasud79,
  title={Multiple Objective Decision Making—Methods and Applications},
  author={Hwang, Ching-Lai and Masud, Abu Syed Md},
  year={1979},
  publisher={Springer}
}
@article{Haimes71,
  title={On a Bicriterion Formulation of the Problems of Integrated System Identification and System Optimization},
  author={Haimes, Yacov Y and Lasdon, Leon S and Wismer, David A},
  journal={IEEE Transactions on Systems Man and Cybernetics},
  number={1},
  pages={296--297},
  year={1971}
}
@inproceedings{Hansen97,
  title={Tabu Search for Multiobjective Optimization: MOTS},
  author={Hansen, Michael Pilegaard},
  booktitle={Proceedings of the International Conference on Multiple Criteria Decision Making},
  year={1997}
}
@article{Messac02,
  title={Generating Well-Distributed Sets of Pareto points for Engineering Design using Physical Programming},
  author={Messac, Achille and Mattson, Christopher A},
  journal={Optimization and Engineering},
  volume={3},
  number={4},
  pages={431--450},
  year={2002},
  publisher={Springer}
}
@book{Steuer89,
  title={Multiple Criteria Optimization: Theory, Computation, and Applications},
  author={Steuer, Ralph E},
  year={1986},
  publisher={Wiley}
}
@article{Martinez01,
  title={Manufacturability-based Optimization of Aircraft Structures using Physical Programming},
  author={Martinez, Michael P and Messac, Achille and Rais-Rohani, Masoud},
  journal={AIAA Journal},
  volume={39},
  number={3},
  pages={517--525},
  year={2001}
}
@article{Messac01,
  title={Mathematical and Pragmatic Perspectives of Physical Programming},
  author={Messac, Achille and Sukam, CP and Melachrinoudis, Emanuel},
  journal={AIAA Journal},
  volume={39},
  number={5},
  pages={885--893},
  year={2001}
}
@article{Suman05,
  title={Study of Self-stopping PDMOSA and Performance Measure in Multiobjective Optimization},
  author={Suman, Balram},
  journal={Computers \& chemical engineering},
  volume={29},
  number={5},
  pages={1131--1147},
  year={2005},
  publisher={Elsevier}
}
@inproceedings{Smith04,
  title={Dominance Measures for Multi-objective Simulated Annealing},
  author={Smith, Kevin and Everson, Richard M and Fieldsend, Jonathan E and others},
  booktitle={IEEE Congress on Evolutionary Computation},
  year={2004}
}
@article{Bandyopadhyay08,
  title={A Simulated Annealing-based Multiobjective Optimization Algorithm: AMOSA},
  author={Bandyopadhyay, Sanghamitra and Saha, Sriparna and Maulik, Ujjwal and Deb, Kalyanmoy},
  journal={IEEE Transactions on Evolutionary Computation},
  volume={12},
  number={3},
  pages={269--283},
  year={2008},
  publisher={IEEE}
}
@article{BusingerLinear65,
  title={Linear Least Squares Solutions by Householder Transformations},
  author={Businger, Peter and Golub, Gene H},
  journal={Numerische Mathematik},
  volume={7},
  number={3},
  pages={269--276},
  year={1965},
  publisher={Springer}
}
@inproceedings{ShroffManifold11,
  title={Manifold Precis: An Annealing Technique for Diverse Sampling of Manifolds},
  author={Shroff, Nitesh and Turaga, Pavan and Chellappa, Rama},
  booktitle={Advances in Neural Information Processing Systems},
  year={2011}
}
@book{AartsAnnealing88,
  title={Simulated Annealing and Boltzmann Machines. A Stochastic Approach to Combinatorial Optimization and Neural Computing},
  author={AARTS/KORST.},
  year={1990},
  publisher={John Wiley.}
}
@article{GranvilleSimulated94,
  title={Simulated Annealing: A Proof of Convergence},
  author={Granville, Vincent and K{\v{r}}iv{\'a}nek, Mirko and Rasson, Jean-Paul},
  journal={IEEE Transactions on Pattern Analysis and Machine Intelligence},
  volume={16},
  number={6},
  pages={652--656},
  year={1994},
  publisher={IEEE}
}
@ONLINE{Youtube,
title = {{YouTube}},
url = {www.youtube.com}
}
@ONLINE{Vimeo,
title = {{Vimeo}},
url = {www.vimeo.com}
}

@article{Ludmila03,
  title={Measures of Diversity in Classifier Ensembles and their Relationship with the Ensemble Accuracy},
  author={Kuncheva, Ludmila I and Whitaker, Christopher J},
  journal={Machine learning},
  volume={51},
  number={2},
  pages={181--207},
  year={2003},
  publisher={Springer}
}
@inproceedings{ZhuNovSum13,
  title={A Novel Relational Learning-to-Rank Approach for Topic-focused Multi-document Summarization},
  author={Zhu, Yadong and Lan, Yanyan and Guo, Jiafeng and Du, Pan and Cheng, Xueqi},
  booktitle={Proceedings of the IEEE International Conference on Data Mining},
  year={2013}
  }
@inproceedings{LiEnhanc09,
  title={Enhancing Diversity, Coverage and Balance for Summarization through Structure Learning},
  author={Li, Liangda and Zhou, Ke and Xue, Gui-Rong and Zha, Hongyuan and Yu, Yong},
  booktitle={Proceedings of the ACM International Conference on World Wide Web},
  year={2009}
  }
@inproceedings{KennedyGen08,
  title={Generating Diverse and Representative Image Search Results for Landmarks},
  author={Kennedy, Lyndon S and Naaman, Mor},
  booktitle={Proceedings of the ACM international conference on World Wide Web},
  year={2008}
}
@article{ShroffTMM10,
  title={Video pr{\'e}cis: Highlighting Diverse Aspects of Videos},
  author={Shroff, Nitesh and Turaga, Pavan and Chellappa, Rama},
  journal={IEEE Transactions on Multimedia},
  volume={12},
  number={8},
  pages={853--868},
  year={2010},
  publisher={IEEE}
}
@article{MisraWatch15,
  title={Watch and Learn: Semi-supervised Learning of Object Detectors from Videos},
  author={Misra, Ishan and Shrivastava, Abhinav and Hebert, Martial},
  journal={arXiv preprint arXiv:1505.05769},
  year={2015}
}
@article{WangActive11,
  title={Active Learning in Multimedia Annotation and Retrieval: A Survey},
  author={Wang, Meng and Hua, Xian-Sheng},
  journal={ACM Transactions on Intelligent Systems and Technology (TIST)},
  volume={2},
  number={2},
  pages={10},
  year={2011},
  publisher={ACM}
}
@book{jolliffe2002principal,
  title={Principal Component Analysis},
  author={Jolliffe, Ian},
  year={2002},
  publisher={Wiley Online Library}
}
@article{yang2007weighted,
  title={A Weighted Support Vector Machine for Data Classification},
  author={Yang, Xulei and Song, Qing and Wang, Yue},
  journal={International Journal of Pattern Recognition and Artificial Intelligence},
  volume={21},
  number={05},
  pages={961--976},
  year={2007},
  publisher={World Scientific}
}
@inproceedings{VermaWI13,
  title={Fully Automated Learning for Application-Specific Web Video Classification},
  author={Verma, Chetan and Dey, Shuvashis},
  booktitle={Proceedings of the IEEE/WIC/ACM International Joint Conferences on Web Intelligence and Intelligent Agent Technologies},
  year={2013}
}
@article{mobasher2000automatic,
  title={Automatic Personalization based on Web Usage Mining},
  author={Mobasher, Bamshad and Cooley, Robert and Srivastava, Jaideep},
  journal={Communications of the ACM},
  volume={43},
  number={8},
  pages={142--151},
  year={2000},
  publisher={ACM}
}
@article{GolubNumeri65,
  title={Numerical Methods for Solving Linear Least Squares Problems},
  author={Golub, Gene},
  journal={Numerische Mathematik},
  volume={7},
  number={3},
  pages={206--216},
  year={1965},
  publisher={Springer}
}
@article{ChanRank87,
  title={Rank Revealing QR Factorizations},
  author={Chan, Tony F},
  journal={Linear algebra and its applications},
  volume={88},
  pages={67--82},
  year={1987},
  publisher={Elsevier}
}
@article{GuEfficient96,
  title={Efficient Algorithms for Computing a Strong Rank-revealing QR Factorization},
  author={Gu, Ming and Eisenstat, Stanley C},
  journal={SIAM Journal on Scientific Computing},
  volume={17},
  number={4},
  pages={848--869},
  year={1996},
  publisher={SIAM}
}
@article{salton1975vector,
  title={A Vector Space Model for Automatic Indexing},
  author={Salton, Gerard and Wong, Anita and Yang, Chung-Shu},
  journal={Communications of the ACM},
  volume={18},
  number={11},
  pages={613--620},
  year={1975},
  publisher={ACM}
}
@inproceedings{SubsumptionFlickr,
  title={Inducing Ontology from Flickr Tags},
  author={Schmitz, Patrick},
  booktitle={Collaborative Web Tagging Workshop at ACM Conference on World Wide Web},
  year = {2006}
}
@inproceedings{WordnetHierarchyConstruct,
  title={Constructing Tag Ontology from Folksonomy based on WordNet},
  author={Djuana, Endang and Xu, Yue and Li, Yuefeng},
  booktitle={Proc. of IADIS International Conference on Internet Technologies and Society},
  year={2011} 
}
@inproceedings{griffin2008learning,
  title={Learning and using taxonomies for fast visual categorization},
  author={Griffin, Gregory and Perona, Pietro},
  booktitle={Proc. of IEEE Conference on Computer Vision and Pattern Recognition}, 
  year={2008},
  organization={IEEE} 
}
@inproceedings{dumais2000hierarchical,
  title={Hierarchical classification of Web content},
  author={Dumais, Susan and Chen, Hao},
  booktitle={SIG conference on research and development in information retrieval},
  pages={256--263},
  year={2000},
  organization={ACM}
}
@inproceedings{jaimes2003semi,
  title={Semi-automatic, data-driven construction of multimedia ontologies},
  author={Jaimes, Alejandro and Smith, John R},
  booktitle={Proc. of IEEE International Conference on Multimedia and Expo}, 
  year={2003},
  organization={IEEE}
}
@book{fensel2001ontologies,
  title={Ontologies},
  author={Fensel, Dieter},
  year={2001},
  publisher={Springer}
}
@book{buitelaar2005ontology,
  title={Ontology learning from text: methods, evaluation and applications},
  author={Buitelaar, Paul and Cimiano, Philipp and Magnini, Bernardo},
  volume={123},
  year={2005},
  publisher={IOS press}
}
@article{gruber1995toward,
  title={Toward principles for the design of ontologies used for knowledge sharing},
  author={Gruber, Thomas R},
  journal={International Journal of Human-Computer Studies},
  volume={43},
  number={5},
  pages={907--928},
  year={1995},
  publisher={Elsevier}
}
@article{wordnet,
  title={WordNet: a Lexical Database for English},
  author={Miller, George A},
  journal={Communications of the ACM},
  volume={38},
  number={11},
  pages={39--41},
  year={1995},
  publisher={ACM}
}
@incollection{cimiano2005text2onto,
  title={Text2Onto},
  author={Cimiano, Philipp and V{\"o}lker, Johanna},
  booktitle={Natural Language Processing and Information Systems},
  pages={227--238},
  year={2005},
  publisher={Springer}
}
@article{velardi2005evaluation,
  title={Evaluation of OntoLearn, a Methodology for Automatic Learning of Domain Ontologies},
  author={Velardi, Paola and Navigli, Roberto and Cuchiarelli, A and Neri, R},
  journal={Ontology Learning from Text: Methods, Evaluation and Applications},
  pages={92--106},
  year={2005}
}
@inproceedings{porzel2004task,
  title={A task-based approach for ontology evaluation},
  author={Porzel, Robert and Malaka, Rainer},
  booktitle={ECAI Workshop on Ontology Learning and Population},
  year={2004}
}
@inproceedings{Begelman06automatedtag,
    author = {Grigory Begelman},
    title = {Automated Tag Clustering: Improving Search and Exploration in the Tag Space},
    booktitle = {Proc. of Collaborative Web Tagging Workshop at ACM Conference on World Wide Web},
    year = {2006},
    organization={ACM}
}
@inproceedings{hearst1992automatic,
  title={Automatic Acquisition of Hyponyms From Large Text Corpora},
  author={Hearst, Marti A},
  booktitle={Proc. of Conference on Computational linguistics},
  year={1992},
  organization={ACL}
}
@article{mani2004automatically,
  title={Automatically Inducing Ontologies From Corpora},
  author={Mani, Inderjeet and Samuel, Ken and Concepcion, Kris and Vogel, David},
  journal={Corpus},
  volume={9},
  number={k2},
  pages={19--024},
  year={2004}
}
@inproceedings{dietz2012taxolearn,
  title={TaxoLearn: A Semantic Approach to Domain Taxonomy Learning},
  author={Dietz, E. and Vandic, D. and Frasincar, F.},
  booktitle={Proc. of Web Intelligence and Intelligent Agent Technology},
  pages={58--65},
  year={2012},
  organization={IEEE}
}
@inproceedings{neshati2007taxonomy,
  title={Taxonomy Learning Using Compound Similarity Measure},
  author={Neshati, Mahmood and Alijamaat, Ali and Abolhassani, Hassan and Rahimi, Afshin and Hoseini, Mehdi},
  booktitle={Proc. of IEEE Web Intelligence},
  year={2007},
  organization={IEEE}
}
@inproceedings{sanderson1999deriving,
  title={Deriving Concept Hierarchies from Text},
  author={Sanderson, Mark and Croft, Bruce},
  booktitle={Proc. of SIGIR conference on Research and Development in Information Retrieval},
  pages={206--213},
  year={1999},
  organization={ACM}
}
@article{cimiano2005learning,
  title={Learning Concept Hierarchies from Text Corpora using Formal Concept Analysis.},
  author={Cimiano, Philipp and Hotho, Andreas and Staab, Steffen},
  journal={Journal of Artificial Intelligent Research (JAIR)},
  volume={24},
  pages={305--339},
  year={2005}
}
@misc{FlickrClusters,
  author = {{Flickr Clusters}},
  year = {2015},
  howpublished = "\url{http://www.flickr.com/photos/tags/flickr/clusters}",
}
@inproceedings{ahuja2007learning,
  title={Learning the Taxonomy and Models of Categories Present in Arbitrary Images},
  author={Ahuja, Narendra and Todorovic, Sinisa},
  booktitle={Proc. of International Conference on Computer Vision},
  pages={1--8},
  year={2007},
  organization={IEEE}
}
@misc{RitaLibraryWordNet,
  author = {{Rita WordNet Library}},
  year = {2015},
  howpublished = "\url{http://www.rednoise.org/rita/wordnet/documentation}",
}
@article{navigli2003ontology,
  title={Ontology Learning and its Application to Automated Terminology Translation},
  author={Navigli, Roberto and Velardi, Paola and Gangemi, Aldo},
  journal={IEEE Intelligent Systems},
  volume={18},
  number={1},
  pages={22--31},
  year={2003},
  organization={IEEE}
}
@inproceedings{huiskes08,
 author = {Mark J. Huiskes and Michael S. Lew},
 title = {The MIR Flickr Retrieval Evaluation},
 booktitle = {Proc. of ACM International Conference on Multimedia Information Retrieval},
 year = {2008},
 publisher = {ACM}
 }
@book{garey1979computers,
  title={Computers and Intractability},
  author={Garey, Michael R and Johnson, David S},
  volume={174},
  year={1979},
  publisher={Freeman New York}
}
@article{lowe,
  title={Distinctive Image Features from Scale-invariant Keypoints},
  author={Lowe, David G},
  journal={International Journal of Computer Vision},
  volume={60},
  number={2},
  pages={91--110},
  year={2004},
  publisher={Springer}
}
@misc{heymann2006collaborative,
  title={Collaborative Creation of Communal Hierarchical Taxonomies in Social Tagging Systems},
  author={Heymann, Paul and Garcia-Molina, Hector},
  year={2006},
  publisher={Stanford}
}
@article{chow1968approximating,
  title={Approximating Discrete Probability Distributions with Dependence Trees},
  author={Chow, C and Liu, C},
  journal={IEEE Transactions on Information Theory},
  volume={14},
  number={3},
  pages={462--467},
  year={1968}
}
@inproceedings{liu2009tag,
  title={Tag Ranking},
  author={Liu, Dong and Hua, Xian-Sheng and Yang, Linjun and Wang, Meng and Zhang, Hong-Jiang},
  booktitle={Proc. of ACM Conference on World Wide Web},
  year={2009},
  organization={ACM}
}
@incollection{eckhardt2005combinatorial,
  title={Combinatorial Network Abstraction by Trees and Distances},
  author={Eckhardt, Stefan and Kosub, Sven and Maa{\ss}, Moritz G and T{\"a}ubig, Hanjo and Wernicke, Sebastian},
  booktitle={Algorithms and Computation},
  pages={1100--1109},
  year={2005},
  publisher={Springer}
}
@inproceedings{feiliang2012demo,
  title={A Demo for Constructing Domain Ontology from Academic Papers},
  author={Ren, Feiliang},
  booktitle={Proc. of Conference on Computational Linguistics},
  year={2012}
 }
@article{cilibrasi2007google,
  title={The Google Similarity Distance},
  author={Cilibrasi, Rudi L and Vitanyi, Paul MB},
  journal={IEEE Transactions on Knowledge and Data Engineering},
  organization={IEEE},
  volume={19},
  number={3},
  pages={370--383},
  year={2007}
}
@incollection{panigrahi2008gomory,
  title={Gomory--Hu Trees},
  author={Panigrahi, Debmalya},
  booktitle={Encyclopedia of Algorithms},
  pages={364--366},
  year={2008},
  publisher={Springer}
}
@book{ford2010flows,
  title={Flows in Networks},
  author={Ford, DR and Fulkerson, Delbert Ray},
  year={2010},
  publisher={Princeton university press}
}
@misc{AmazonEC2,
  author = {{Amazon EC2}},
  year={{2015}},
  howpublished = "\url{http://aws.amazon.com}",
}
@misc{Flickr,
  author = {{Flickr}},
  year={{2015}},
  howpublished = "\url{http://www.flickr.com}",
}
@misc{Facebook,
  author={{Facebook}},
  year={{2015}},
  howpublished = "\url{www.facebook.com}",
}
@misc{YouTube,
  author = {{YouTube}},
  year = {{2015}},
  howpublished = "\url{www.youtube.com}",
}
@inproceedings{WWW14poster,
  title={Construction of Tag Ontological Graphs by Locally Minimizing Weighted Average Hops},
  author={Verma, Chetan Kumar and Mahadevan, Vijay and Rasiwasia, Nikhil and Aggarwal, Gaurav and Kant, Ravi and Jaimes, Alejandro and Dey, Sujit},
  booktitle={Companion Publication of ACM Conference on World Wide Web},
  year={2014}
}

@inproceedings{sigurbjornsson2008flickr,
  title={Flickr Tag Recommendation based on Collective Knowledge},
  author={Sigurbj{\"o}rnsson, B{\"o}rkur and Van Zwol, Roelof},
  booktitle={Proc. of ACM Conference on World Wide Web},
  year={2008},
  organization={ACM}
}
@article{huang2010text,
  title={Text-based video content classification for online video-sharing sites},
  author={Huang, Chunneng and Fu, Tianjin and Chen, Hsinchun},
  journal={Journal of the American Society for Information Science and Technology},
  volume={61},
  number={5},
  pages={891--906},
  year={2010}
  }
  @inproceedings{yin2009exploring,
  title={Exploring Social Tagging Graph for Web Object Classification},
  author={Yin, Zhijun and Li, Rui and Mei, Qiaozhu and Han, Jiawei},
  booktitle={Proc. of SIGKDD  Conference on Knowledge Discovery and Data Mining},
  year={2009},
  organization={ACM}
}
@inproceedings{wu2009distance,
  title={Distance Metric Learning from Uncertain Side Information with Application to Automated Photo Tagging},
  author={Wu, Lei and Hoi, Steven CH and Jin, Rong and Zhu, Jianke and Yu, Nenghai},
  booktitle={Proc. of ACM Conference on Multimedia},
  year={2009},
  organization={ACM}
}
@article{li2009learning,
  title={Learning Social Tag Relevance by Neighbor Voting},
  author={Li, Xirong and Snoek, Cees GM and Worring, Marcel},
  journal={IEEE Transactions on Multimedia},
  volume={11},
  number={7},
  pages={1310--1322},
  year={2009}
}
@article{katsurai2013cross,
  title={A Cross-Modal Approach for Extracting Semantic Relationships Between Concepts Using Tagged Images},
  author={Katsurai, Marie and Ogawa, Takahiro and Haseyama, Miki},
  journal={IEEE Transactions on Multimedia},
    volume={16},
  number={4},
  pages={1059--1074},
  year={2014}
}
@inproceedings{wu2008flickr,
  title={Flickr Distance},
  author={Wu, Lei and Hua, Xian-Sheng and Yu, Nenghai and Ma, Wei-Ying and Li, Shipeng},
  booktitle={Proc. of ACM conference on Multimedia},
  year={2008},
  organization={ACM}
}
@inproceedings{zhang2012beyond,
  title={Beyond co-occurrence: discovering and visualizing tag relationships from geo-spatial and temporal similarities},
  author={Zhang, Haipeng, Korayem, Mohammed, You, Erkang, Crandall, David J},
  booktitle={International conference on web search and data mining},
  pages={33--42},
  year={2012},
  organization={ACM}
}
@inproceedings{li2013classifying,
  title={Classifying Tag Relevance with Relevant Positive and Negative Examples},
  author={Li, Xirong and Snoek, Cees GM},
  booktitle={Proc. of ACM International Conference on Multimedia},
  year={2013},
  organization={ACM}
}
@inproceedings{liu2007dual,
  title={Dual Cross-Media Relevance Model for Image Annotation},
  author={Liu, Jing and Wang, Bin and Li, Mingjing and Li, Zhiwei and Ma, Weiying and Lu, Hanqing and Ma, Songde},
  booktitle={Proc. of ACM Conference on Multimedia},
  year={2007},
  organization={ACM}
}
@inproceedings{pakray2011hybrid,
  title={A Hybrid Question Answering System based on Information Retrieval and Answer Validation.},
  author={Pakray, Partha and Bhaskar, Pinaki and Banerjee, Somnath and Pal, Bidhan Chandra and Bandyopadhyay, Sivaji and Gelbukh, Alexander F},
  booktitle={CLEF (Notebook Papers/Labs/Workshop)},
  year={2011}
}
@article{zhang2009method,
  title={A method of web service discovery based on semantic message bipartite matching for remote medical system},
  author={Zhang, Yang and Yue Liu, Bing and Wang, Hong},
  journal={Journal of theoretical and applied electronic commerce research},
  volume={4},
  number={2},
  pages={79--87},
  year={2009},
  publisher={SciELO Chile}
}
@article{christodoulakisautomated,
  title={Automated Conceptual Abstraction of Large Semantic Diagrams},
  author={Christodoulakis, Christina and Levy, Daniel}
}
@inproceedings{qiu2010improving,
  title={Improving news video annotation with semantic context},
  author={Qiu, Yu and Guan, Genliang and Wang, Zhiyong and Feng, Dagan},
  booktitle={Digital Image Computing: Techniques and Applications (DICTA), 2010 International Conference on},
  pages={214--219},
  year={2010},
  organization={IEEE}
}
@book{cayley1894collected,
  title={The collected mathematical papers of Arthur Cayley},
  author={Cayley, Arthur},
  volume={7},
  year={1894},
  publisher={The University Press}
}
@article{HsiehCollab09,
  title={A collaborative desktop tagging system for group knowledge management based on concept space},
  author={Hsieh, Wen-Tai and Stu, Jay and Chen, Yen-Lin and Chou, Seng-Cho Timothy},
  journal={Expert Systems with Applications},
  volume={36},
  number={5},
  pages={9513--9523},
  year={2009},
  publisher={Elsevier}
}
@article{ZhengRecom10,
  title={A recommender system based on tag and time information for social tagging systems},
  author={Zheng, Nan and Li, Qiudan},
  journal={Expert Systems with Applications},
  volume={38},
  number={4},
  pages={4575--4587},
  year={2011},
  publisher={Elsevier}
}
@article{ChenEstim15,
  title={Estimating translation probabilities for social tag suggestion},
  author={Chen, Xinxiong and Liu, Zhiyuan and Sun, Maosong},
  journal={Expert Systems with Applications},
  volume={42},
  number={4},
  pages={1950--1959},
  year={2015},
  publisher={Elsevier}
}
@article{SunLang11,
  title={A language model approach for tag recommendation},
  author={Sun, Ke and Wang, Xiaolong and Sun, Chengjie and Lin, Lei},
  journal={Expert Systems with Applications},
  volume={38},
  number={3},
  pages={1575--1582},
  year={2011},
  publisher={Elsevier}
}
@article{HyunwooFrame14,
  title={A framework for tag-aware recommender systems},
  author={Kim, Hyunwoo and Kim, Hyoung-Joo},
  journal={Expert Systems with Applications},
  volume={41},
  number={8},
  pages={4000--4009},
  year={2014},
  publisher={Elsevier}
}
@article{MohdSemantic13,
  title={Semantic similarity measures for enhancing information retrieval in folksonomies},
  author={Uddin, Mohammed Nazim and Duong, Trong Hai and Nguyen, Ngoc Thanh and Qi, Xin-Min and Jo, Geun Sik},
  journal={Expert Systems with Applications},
  volume={40},
  number={5},
  pages={1645--1653},
  year={2013},
  publisher={Elsevier}
}
@article{DeepaFolkso14,
  title={Folksonomy-based fuzzy user profiling for improved recommendations},
  author={Anand, Deepa and Mampilli, Bonson Sebastian},
  journal={Expert Systems with Applications},
  volume={41},
  number={5},
  pages={2424--2436},
  year={2014},
  publisher={Elsevier}
}
@inproceedings{YangReal08,
  title={Real-time automatic tag recommendation},
  author={Song, Yang and Zhuang, Ziming and Li, Huajing and Zhao, Qiankun and Li, Jia and Lee, Wang-Chien and Giles, C Lee},
  booktitle={Proceedings of the 31st annual international ACM SIGIR conference on Research and development in information retrieval},
  pages={515--522},
  year={2008},
  organization={ACM}
}
@article{ShuhuiAuthor15,
  title={Author Topic Model based Collaborative Filtering for Personalized POI Recommendation},
  author={Jiang, Shuhui and Qian, Xueming and Shen, Jialie and Fu, Yun and Mei, Tao},
    journal={IEEE Transactions on Multimedia},
  volume={17},
  number={6},
  pages={907--918},
  year={2015}
}
@article{ZhaoqiangRegulariz15,
  title={A regularized optimization framework for tag completion and image retrieval},
  author={Xia, Zhaoqiang and Feng, Xiaoyi and Peng, Jinye and Wu, Jun and Fan, Jianping},
  journal={Neurocomputing},
  volume={147},
  pages={500--508},
  year={2015},
  publisher={Elsevier}
}
