@book{localBook,
  title={Local search in combinatorial optimization},
  author={Aarts, EH Emile HL and Lenstra, Jan K},
  year={1997},
  publisher={Princeton University Press}
}
@article{aarts,
  title={Simulated annealing and Boltzmann machines},
  author={Aarts, Emile and Korst, Jan},
  year={1988},
  publisher={New York, NY; John Wiley and Sons Inc.}
}
@article{croes,
  title={A method for solving traveling-salesman problems},
  author={Croes, GA},
  journal={Operations Research},
  volume={6},
  number={6},
  pages={791--812},
  year={1958},
  publisher={INFORMS}
}
@article{lin,
  title={Computer solutions of the traveling salesman problem},
  author={Lin, Shen and others},
  journal={Bell System Technical Journal},
  volume={44},
  number={10},
  pages={2245--2269},
  year={1965}
}
@article{johnson,
  title={How easy is local search?},
  author={Johnson, David S and Papadimitriou, Christos H and Yannakakis, Mihalis},
  journal={Journal of computer and system sciences},
  volume={37},
  number={1},
  pages={79--100},
  year={1988},
  publisher={Elsevier}
}

@article{johnson1997traveling,
  title={The traveling salesman problem: A case study in local optimization},
  author={Johnson, David S and McGeoch, Lyle A},
  journal={Local search in combinatorial optimization},
  pages={215--310},
  year={1997}
}

@inproceedings{brodley1996identifying,
  title={Identifying and eliminating mislabeled training instances},
  author={Brodley, Carla E and Friedl, Mark A},
  booktitle={Proceedings of the National Conference on Artificial Intelligence},
  year={1996},
  organization={Citeseer}
}
@inproceedings{zhu2003eliminating,
  title={Eliminating class noise in large datasets},
  author={Zhu, Xingquan and Wu, Xindong and Chen, Qijun},
  booktitle={Machine Learning International Workshop, 2003},
}
@article{fukunaga1971algorithm,
  title={An algorithm for finding intrinsic dimensionality of data},
  author={Fukunaga, Keinosuke and Olsen, David R},
  journal={IEEE Transactions on Computers, 1971},
}
@article{brezeale2008automatic,
  title={Automatic video classification: A survey of the literature},
  author={Brezeale, Darin and Cook, Diane J},
  journal={IEEE Transactions on Systems, Man, and Cybernetics, 2008},
}
@inproceedings{schindler2008internet,
  title={Internet Video Category Recognition},
  author={Schindler, Grant and Zitnick, Larry and Brown, Matthew},
  booktitle={IEEE Computer Society Conference on Computer Vision and Pattern Recognition Workshops, 2008.  },
}
@inproceedings{chen2010effective,
  title={An Effective Method for Video Genre Classification},
  author={Chen, Jian-Feng and Lu, Hong and Wei, Renzhong and Jin, Cheng and Xue, Xiangyang},
  booktitle={ACM International Conference on Image and Video Retrieval, 2010},
}
@inproceedings{zhang2011improving,
  title={Improving Video Classification via Youtube Video co-watch Data},
  author={Zhang, John R and Song, Yang and Leung, Thomas},
  booktitle={ACM workshop on Social and Behavioural Networked Media Access, 2011},
}
@inproceedings{wang2010youtubecat,
  title={YouTubeCat: Learning to Categorize Wild Web Videos},
  author={Wang, Zheshen and Zhao, Ming and Song, Yang and Kumar, Sanjiv and Li, Baoxin},
  booktitle={IEEE Conference on Computer Vision and Pattern Recognition, 2010 },
}
@inproceedings{song2010taxonomic,
  title={Taxonomic Classification for Web-based Videos},
  author={Song, Yang and Zhao, Ming and Yagnik, Jay and Wu, Xiaoyun},
  booktitle={ IEEE Conference on Computer Vision and Pattern Recognition, 2010},
}
@inproceedings{chen2010web,
  title={Web Video Categorization based on Wikipedia Categories and Content-duplicated Open Resources},
  author={Chen, Zhineng and Cao, Juan and Song, Yicheng and Zhang, Yongdong and Li, Jintao},
  booktitle={ACM International Conference on Multimedia, 2010},
}
@article{wu2010data,
  title={Data-Driven Approaches to Community-Contributed Video Applications},
  author={Wu, Xiao and Ngo, Chong-Wah and Zhao, Wan-Lei},
  journal={IEEE Multimedia, 2010},
}
@inproceedings{ramachandran2009videomule,
  title={Videomule: a consensus learning approach to multi-label classification from noisy user-generated videos},
  author={Ramachandran, Chandrasekar and Malik, Rahul and Jin, Xin and Gao, Jing and Nahrstedt, Klara and Han, Jiawei},
  booktitle={ACM International Conference on Multimedia, 2009},
}
@inproceedings{yang2007multi,
  title={Multi-modality web video categorization},
  author={Yang, Linjun and Liu, Jiemin and Yang, Xiaokang and Hua, Xian-Sheng},
  booktitle={ACM International Workshop on Multimedia Information Retrieval, 2007},
}
@inproceedings{zanetti2008walk,
  title={A walk through the web√ïs video clips},
  author={Zanetti, Sara and Zelnik-Manor, Lihi and Perona, Pietro},
  booktitle={IEEE Computer Society Conference on Computer Vision and Pattern Recognition Workshops, 2008 },
}
@ONLINE{Neilson2010,
title = {Nielsenwire Report, January 2010},
url = {http://blog.nielsen.com/nielsenwire/online_mobile/time-spent-viewing-online-video-up-13-in-december}
}
@incollection{nakayama2007wikipedia,
  title={Wikipedia mining for an association web thesaurus construction},
  author={Nakayama, Kotaro and Hara, Takahiro and Nishio, Shojiro},
  booktitle={Web Information Systems Engineering, 2007},
  publisher={Springer}
}
@ONLINE{ReverseDictionary,
title = {Reverse Dictionary},
url = {http://www.onelook.com/reverse-dictionary.shtml}
}
@inproceedings{SubsumptionFlickr,
  title={Inducing ontology from flickr tags},
  author={Schmitz, Patrick},
  booktitle={Collaborative Web Tagging Workshop at WWW, 2006},
}
@inproceedings{WordnetHierarchyConstruct,
  title={Constructing tag ontology from folksonomy based on WordNet},
  author={Djuana, Endang and Xu, Yue and Li, Yuefeng},
  booktitle={IADIS International Conference on Internet Technologies and Society, 2011},
}
@inproceedings{griffin2008learning,
  title={Learning and using taxonomies for fast visual categorization},
  author={Griffin, Gregory and Perona, Pietro},
  booktitle={IEEE conference on Computer Vision and Pattern Recognition}, 
  pages={1--8},
  year={2008},
  organization={IEEE}
}
@inproceedings{dumais2000hierarchical,
  title={Hierarchical classification of Web content},
  author={Dumais, Susan and Chen, Hao},
  booktitle={Proceedings of the 23rd annual international ACM SIGIR conference on Research and development in information retrieval},
  pages={256--263},
  year={2000},
  organization={ACM}
}
@inproceedings{jaimes2003semi,
  title={Semi-automatic, data-driven construction of multimedia ontologies},
  author={Jaimes, Alejandro and Smith, John R},
  booktitle={International Conference on Multimedia and Expo}, 
  volume={1},
  pages={I--781},
  year={2003},
  organization={IEEE}
}
@book{fensel2001ontologies,
  title={Ontologies},
  author={Fensel, Dieter},
  year={2001},
  publisher={Springer}
}
@book{buitelaar2005ontology,
  title={Ontology learning from text: methods, evaluation and applications},
  author={Buitelaar, Paul and Cimiano, Philipp and Magnini, Bernardo},
  volume={123},
  year={2005},
  publisher={IOS press}
}
@article{gruber1995toward,
  title={Toward principles for the design of ontologies used for knowledge sharing?},
  author={Gruber, Thomas R},
  journal={International journal of human-computer studies},
  volume={43},
  number={5},
  pages={907--928},
  year={1995},
  publisher={Elsevier}
}
@article{wordnet,
  title={WordNet: a lexical database for English},
  author={Miller, George A},
  journal={Communications of the ACM},
  volume={38},
  number={11},
  pages={39--41},
  year={1995},
  publisher={ACM}
}
@incollection{cimiano2005text2onto,
  title={Text2Onto},
  author={Cimiano, Philipp and V{\"o}lker, Johanna},
  booktitle={Natural Language Processing and Information Systems},
  pages={227--238},
  year={2005},
  publisher={Springer}
}
@article{velardi2005evaluation,
  title={Evaluation of OntoLearn, a methodology for automatic learning of domain ontologies},
  author={Velardi, Paola and Navigli, Roberto and Cuchiarelli, A and Neri, R},
  journal={Ontology Learning from Text: Methods, evaluation and applications},
  pages={92--106},
  year={2005}
}
@inproceedings{porzel2004task,
  title={A task-based approach for ontology evaluation},
  author={Porzel, Robert and Malaka, Rainer},
  booktitle={ECAI Workshop on Ontology Learning and Population, Valencia, Spain},
  year={2004},
  organization={Citeseer}
}
@inproceedings{Begelman06automatedtag,
    author = {Grigory Begelman},
    title = {Automated Tag Clustering: Improving search and exploration in the tag space},
    booktitle = {Proc. of the Collaborative Web Tagging Workshop at WWW},
    year = {2006}
}
@inproceedings{hearst1992automatic,
  title={Automatic acquisition of hyponyms from large text corpora},
  author={Hearst, Marti A},
  booktitle={Proceedings of the 14th conference on Computational linguistics-Volume 2},
  pages={539--545},
  year={1992},
  organization={Association for Computational Linguistics}
}
@article{mani2004automatically,
  title={Automatically inducing ontologies from corpora},
  author={Mani, Inderjeet and Samuel, Ken and Concepcion, Kris and Vogel, David},
  journal={Corpus},
  volume={9},
  number={k2},
  pages={19--024},
  year={2004}
}
@inproceedings{dietz2012taxolearn,
  title={TaxoLearn: A Semantic Approach to Domain Taxonomy Learning},
  author={Dietz, E. and Vandic, D. and Frasincar, F.},
  booktitle={Web Intelligence and Intelligent Agent Technology (WI-IAT)},
  pages={58--65},
  year={2012},
}
@inproceedings{neshati2007taxonomy,
  title={Taxonomy learning using compound similarity measure},
  author={Neshati, Mahmood and Alijamaat, Ali and Abolhassani, Hassan and Rahimi, Afshin and Hoseini, Mehdi},
  booktitle={Web Intelligence, IEEE/WIC/ACM International Conference on},
  pages={487--490},
  year={2007},
  organization={IEEE}
}
@inproceedings{sanderson1999deriving,
  title={Deriving concept hierarchies from text},
  author={Sanderson, Mark and Croft, Bruce},
  booktitle={Proceedings of the 22nd annual international ACM SIGIR conference on Research and development in information retrieval},
  pages={206--213},
  year={1999},
  organization={ACM}
}
@article{cimiano2005learning,
  title={Learning Concept Hierarchies from Text Corpora using Formal Concept Analysis.},
  author={Cimiano, Philipp and Hotho, Andreas and Staab, Steffen},
  journal={J. Artif. Intell. Res.(JAIR)},
  volume={24},
  pages={305--339},
  year={2005}
}
@misc{FlickrClusters,
  title = {{Flickr Clusters}},
  howpublished = "\url{http://www.flickr.com/photos/tags/flickr/clusters}",
}
@misc{AmazonEC2,
  title = {{Amazon EC2 Cloud Server}},
  howpublished = "\url{http://aws.amazon.com}",
}
@inproceedings{ahuja2007learning,
  title={Learning the taxonomy and models of categories present in arbitrary images},
  author={Ahuja, Narendra and Todorovic, Sinisa},
  booktitle={Computer Vision, 2007. ICCV 2007. IEEE 11th International Conference on},
  pages={1--8},
  year={2007},
  organization={IEEE}
}
@misc{RitaLibraryWordNet,
  title = {{RiTa WordNet Library}},
  howpublished = "\url{http://www.rednoise.org/rita/wordnet/documentation}",
}
@article{navigli2003ontology,
  title={Ontology learning and its application to automated terminology translation},
  author={Navigli, Roberto and Velardi, Paola and Gangemi, Aldo},
  journal={Intelligent Systems, IEEE},
  volume={18},
  number={1},
  pages={22--31},
  year={2003},
  publisher={IEEE}
}
@inproceedings{huiskes08,
 author = {Mark J. Huiskes and Michael S. Lew},
 title = {The MIR Flickr Retrieval Evaluation},
 booktitle = {Proceedings of the ACM International Conference on Multimedia Information Retrieval},
 year = {2008},
 location = {Vancouver, Canada},
 publisher = {ACM},
 address = {New York, NY, USA},
 }
@book{garey1979computers,
  title={Computers and intractability},
  author={Garey, Michael R and Johnson, David S},
  volume={174},
  year={1979},
  publisher={Freeman New York}
}
@article{lowe,
  title={Distinctive image features from scale-invariant keypoints},
  author={Lowe, David G},
  journal={International journal of computer vision},
  volume={60},
  number={2},
  pages={91--110},
  year={2004},
  publisher={Springer}
}
@article{heymann2006collaborative,
  title={Collaborative creation of communal hierarchical taxonomies in social tagging systems},
  author={Heymann, Paul and Garcia-Molina, Hector},
  year={2006},
  publisher={Stanford}
}
@article{chow1968approximating,
  title={Approximating discrete probability distributions with dependence trees},
  author={Chow, C and Liu, C},
  journal={Information Theory, IEEE Transactions on},
  volume={14},
  number={3},
  pages={462--467},
  year={1968},
  publisher={IEEE}
}
@inproceedings{liu2009tag,
  title={Tag ranking},
  author={Liu, Dong and Hua, Xian-Sheng and Yang, Linjun and Wang, Meng and Zhang, Hong-Jiang},
  booktitle={Proceedings of the 18th international conference on World wide web},
  pages={351--360},
  year={2009},
  organization={ACM}
}
@incollection{eckhardt2005combinatorial,
  title={Combinatorial network abstraction by trees and distances},
  author={Eckhardt, Stefan and Kosub, Sven and Maa{\ss}, Moritz G and T{\"a}ubig, Hanjo and Wernicke, Sebastian},
  booktitle={Algorithms and Computation},
  pages={1100--1109},
  year={2005},
  publisher={Springer}
}
@article{cilibrasi2007google,
  title={The google similarity distance},
  author={Cilibrasi, Rudi L and Vitanyi, Paul MB},
  journal={Knowledge and Data Engineering, IEEE Transactions on},
  volume={19},
  number={3},
  pages={370--383},
  year={2007},
  publisher={IEEE}
}
@incollection{panigrahi2008gomory,
  title={Gomory--Hu Trees},
  author={Panigrahi, Debmalya},
  booktitle={Encyclopedia of Algorithms},
  pages={364--366},
  year={2008},
  publisher={Springer}
}
@book{ford2010flows,
  title={Flows in networks},
  author={Ford, DR and Fulkerson, Delbert Ray},
  year={2010},
  publisher={Princeton university press}
}