@Preamble{"\newcommand{\SortN}[1]{} "}
% strings

@string{eicar = "{European Institute for Computer Antivirus Research}"}
@string{mobisys = "International conference on Mobile systems, applications, and services {(MobiSys)}"}
@string{ccs = "{ACM} conference on Computer and Communications Security {(CCS)}"}
@string{ieeesp = "{IEEE} Symposium on Security and Privacy"}
@string{ieeespmag = "{IEEE} Security and Privacy Magazine"}
@string{cav = "Computer Aided Verification"}
@string{popl = "{ACM} Symposium on Principles of Programming Languages {(POPL)}"}
@string{nspw = "New Security Paradigms Workshop {(NSPW)}"}
@string{usenix-sec ="{USENIX} Security Symposium"}
@string{sosp = "{ACM} Symposium on Operating Systems Principles {(SOSP)}"}
@string{ndss = "{Network and Distributed System Security Symposium}"}
@string{lisa = "{USENIX} System Administration conference {(LISA)}"}
@string{cav = "Computer Aided Verification {CAV}"}
@string{raid = "Recent Advances in Intrusion Detection {(RAID)}" }
@string{forte = "Formal Techniques for Networked and Distributed Systems {(FORTE)}" }
@string{stoc = "{ACM} Symposium on Theory of Computing {(STOC)}"}
@string{osdi = "{USENIX} Symposium on Operating Systems Design and Implementation  {(OSDI)}"}
@string{infohide = "{International Workshop on Information Hiding}"}
@string{spin = "{SPIN}, Workshop on Model Checking of Software"}
@string{esorics = "European Symposium on Research in Computer Security"}
@string{aaai = "{AAAI} Workshop: AI Approaches to Fraud Detection and Risk Management"}
@string{dsn = "IEEE International Conference on Dependable Systems and Networks (DSN)"}
@string{srds = "Symposium on Reliable and Distributed Systems (SRDS)"}
@string{usenix-tech = "{USENIX Annual Technical Conference}"}
@string{fse = "ACM SIGSOFT International Symposium on the Foundations of Software Engineering"}
@string{pldi = "{ACM SIGPLAN Conference on Programming Language Design and Implementation}"}
@string{icdcs = "{IEEE International Conference on Distributed Computing Systems}"}
@string{dmsec = "{ICDM} Workshop on Data Mining for Computer Security {(DMSEC)}"}
@string{cc = "Conference on Compiler Construction"}
@string{sas = "{Static Analysis Symposium}"}
@string{usenix-summer = "{USENIX Summer Conference}"}
@string{usenix-winter = "{USENIX Winter Conference}"}
@string{paste = "{ACM SIGPLAN-SIGSOFT} Workshop on Program Analysis for Software Tools and Engineering"}
@string{acsac = "Annual Computer Security Applications Conference {(ACSAC)}" }
@string{sac = "(ACM) Symposium on Applied Computing {(SAC)}" }
@string{cgo = "International Symposium on Code Generation and Optimization"}
@string{tse = "IEEE Transactions on Software Engineering"}
@string{aad = "International Workshop on Automated and Algorithmic Debugging"}
@string{csfw = "IEEE Computer Security Foundations Workshop"}
@string{wcre = "IEEE Working Conference on Reverse Engineering"}
@string{icse = "International Conference on Software Engineering"}
@string{dimva = "Detection of Intrusions and Malware, and Vulnerability Assessment"}
@string{sigkdd = "{ACM SIGKDD} International Conference on Knowledge Discovery and Data Mining"}
@string{pakdd = "Pacific-Asia Conference on Knowledge Discovery and Data Mining"}
@string{ipccc = "International Performance Conference on Computers and Communication {(IPCCC)}" }
@string{hpdc = "The International ACM Symposium on High-Performance Parallel and Distributed Computing {(HPDC)}" }
@string{hotos = "IEEE Workshop on Hot Topics in Operating Systems {(HotOS)}" }
@string{mascots = "Modeling, Analysis and Simulation of Computer and Telecommunication Systems {(MASCOTS)}" }
@string{ispass = "International Symposium on Performance Analysis of Systems and Software {(ISPASS)}" }
@string{msst = "International Conference on Massive Storage Systems and Technology {(MSST)}" }
@string{hpcs = "Annual International Symposium on High Performance Computing Systems and Application {(HPCS)}" }
@string{cpscom = "IEEE International Conference on Cyber-Physical-Social Computing" }
@string{snapi = "International Workshop on Storage Network Architecture and Parallel I/Os {(SNAPI)}" }
@string{nn = "IEEE Transactions on Neural Networks" }
@string{toc = "IEEE Transactions on Computers" }
@string{tis = "IEICE Transactions on Information and Systems" }
@string{etncc = "International Conference on Emerging Trends in Networks and Computer Communications {(ETNCC)}" }
@string{mlkdd = "Machine Learning and Knowledge Discovery in Databases" }
@string{dexa = "Database and Expert Systems Applications" }
@string{ecmlpkdd = "The European Conference on Machine Learning and Principles and Practice of Knowledge Discovery in Databases" }
@string{icdm = "IEEE International Conference on Data Mining {(ICDM)}" }
@string{idciview = "IDC iView: IDC Analyze the Future"}
@string{compmediated = "Journal of Computer-Mediated Communication" }
@string{icml  = "ACM International Conference on Machine Learning"} 
%journals

@string{toplas = "ACM Transactions on Programming Languages and Systems {(TOPLAS)}"}
@string{jcs = "Journal of Computer Security {(JCS)}" }
@string{tissec = "{ACM} Transactions on Information and System Security {(TISSEC)}"}
@string{lncs = "Lecture Notes in Computer Science"}
@string{spe = "{Software-Practice and Experience}"}
@string{ijis = "International Journal of Information Security"}
@string{im = "IFIP/IEEE International Symposium on Integrated Network Management" }
@string{www = "International Conference on the World Wide Web" }


@inproceedings{wang2011statistical,
  title={Statistical techniques for online anomaly detection in data centers},
  author={Wang, Chengwei and Viswanathan, Krishnamurthy and Choudur, Lakshminarayan and Talwar, Vanish and Satterfield, Wade and Schwan, Karsten},
  booktitle=im,
  pages={385--392},
  year={2011}
}

@INPROCEEDINGS{Xia08farmer,
    author = {Peng Xia and Dan Feng and Hong Jiang and Lei Tian and Peng Xia and Dan Feng and Hong Jiang and Lei Tian and Fang Wang},
    title = {FARMER: A Novel Approach to File Access coRrelation Mining and Evaluation Reference model for Optimizing Peta-Scale File Systems Performance},
    booktitle = hpdc,
    year = {2008}
}

@MISC{Ellard03attribute-basedprediction,
    author = {Daniel Ellard and Michael Mesnier and Eno Thereska and Gregory R. Ganger and Margo Seltzer},
    title = {Attribute-Based Prediction of File Properties},
    booktitle= {Harvard Computer Science Group Technical Report TR-14-03},
    year = {2003}
}

@MISC{IDGBigDataSurvey14,
    author = {{IDG Enterprise}},
    title = {Big Data Survey},
    booktitle = {IDG Enterprise},
    year = {2014}
}

@INPROCEEDINGS{Amer02fileaccess,
    author = {Ahmed Amer and Darrell D. E. Long and Jehan-Francois Paris and Randal C. Burns},
    title = {File Access Prediction with Adjustable Accuracy},
    booktitle=ipccc,
    year = {2002}
}

@inproceedings{kroeger99-hotos,
  title={The case for efficient file access pattern modeling},
  author={Thomas Kroeger and Darrell D. E. Long},
  booktitle=hotos,
  pages={14--19},
  month=mar,
  year={1999}
}

@inproceedings{kroeger01-usenix,
  author       = {Thomas Kroeger and Darrell D. E. Long},
  title        = {Design and implementation of a predictive file prefetching algorithm},
  booktitle = usenix-tech,
  pages        = {105--118},
  month        = jan,
  year         = {2001}
}

@inproceedings{yeh01-mascots,
  author       = {Tsozen Yeh and Darrell D. E. Long and Scott A. Brandt},
  title        = {Performing file prediction with a program-based successor model},
  booktitle = mascots,
  month        = jan,
  year         = {2001}
}

@inproceedings{yeh01-ispass,
  author       = {Tsozen Yeh and Darrell D. E. Long and Scott A. Brandt},
  title        = {Using program and user information to improve file prediction performance},
  booktitle = ispass,
  month        = nov,
  year         = {2001}
}

@INPROCEEDINGS{Whittle03usingmultiple,
    author = {Gary A. S. Whittle and Jehan-Francois Paris and Ahmed Amer and Darrell D. E. Long and Randal Burns},
    title = {Using Multiple Predictors to Improve the Accuracy of File Access Predictions},
    booktitle = msst,
    year = {2003},
    pages = {230--240}
}

@INPROCEEDINGS{yeh02-hpcs,
    author = {Tsozen Yeh and Darrell D. E. Long and Scott A. Brandt},
    title = {Increasing Predictive Accuracy by Prefetching Multiple Program and User Specific Files},
    booktitle = hpcs,
    year = {2002}
}

@INPROCEEDINGS{ge11-cpscom,
    author = {Yunwen Ge and Shaochun Wu and Bowen Yuan and Jiazheng Li},
    title = {The Methods of Data Prefetching Based on User Model in Cloud Computing},
    booktitle = cpscom,
    year = {2011}
}


@inproceedings{Paris-stochastic,
    author = {Jehan-Francois Paris and Ahmed Amer and Darrell D. E. Long},
    title = {A Stochastic Approach to File Access Prediction},
    booktitle = snapi,
    year = {2003}
}

@inproceedings{patra10-nn,
    author = {Prashanta Kumar Patra and Muktikanta Sahu and Subasish Mohapatra and Ronak Kumar Samantray},
    title = {A Stochastic Approach to File Access Prediction},
    booktitle = nn,
    year = {2010}
}

@inproceedings{Soundararajan_context-awareprefetching,
    author = {Gokul Soundararajan and Madalin Mihailescu and Cristiana Amza},
    title = {Context-Aware Prefetching at the Storage Server},
    booktitle = usenix-tech,
    year = {2008}
}

@inproceedings{Shah_identifyingstable,
    author = {Purvi Shah and Jehan-fran�ois P�ris and Ahmed Amer and Darrell D. E. Long},
    title = {Identifying Stable File Access Patterns},
    booktitle = msst,
    year = {2004}
}

@inproceedings{Gu10anovel,
    author = {Peng Gu and Jun Wang and Yifeng Zhu and Hong Jiang and Pengju Shang},
    title = {A novel weighted-graph-based grouping algorithm for metadata prefetching},
    journal = toc,
    year = {2010},
    pages = {1--15}
}

@inproceedings{song13-dexa,
    author = {Qiang Song and Takayuki Kawabata and Fumiaki Ito and Yousuke Watanabe and Haruo Yokota},
    title = {A File Recommendation Method Based on Task Workflow Patterns Using File-Access Logs},
    booktitle = dexa,
    year = {2013}
}

@inproceedings{song14-tis,
    author = {Qiang Song and Takayuki Kawabata and Fumiaki Ito and Yousuke Watanabe and Haruo Yokota},
    title = {File and Task Abstraction in Task Workflow Patterns for File Recommendation using File-access Log},
    booktitle = tis,
    year = {2014}
}

@inproceedings{nagori11-etncc,
    author = {Rohit Nagori and G. Aghila},
    title = {{LDA} based integrated document recommendation model for e-learning systems},
    booktitle = etncc,
    year = {2011}
}

@inproceedings{Ovsjanikov_topicmodeling,
    author = {Maks Ovsjanikov and Ye Chen},
    title = {Topic Modeling for Personalized Recommendation of Volatile Items},
    booktitle = ecmlpkdd,
    year = {2010}
}

@INPROCEEDINGS{Bell07scalablecollaborative,
    author = {Robert M. Bell and Yehuda Koren},
    title = {Scalable Collaborative Filtering with Jointly Derived Neighborhood Interpolation Weights},
    booktitle = icdm,
    year = {2007}
}

@INPROCEEDINGS{IDCDataGrowth,
    author = {John Gantz and David Reinsel},
    title = {The digital universe in 2020: Big data, bigger digital shadows, and biggest growth in the far east},
    booktitle = idciview,
    year = {2012}
}

@INPROCEEDINGS{EnterpriseSN,
    author = {Paul M. Leonardi and Marleen Huysman and Charles Steinfield},
    title = {Enterprise social media: Definition, history, and prospects for the study of social technologies in organizations},
    booktitle = compmediated,
    year = {2013}
}

@misc{salesforce,
  OPTauthor     = "",
  key           = "Salesforce",
  title         = "Salesforce.com",
  year          = {2015},
  note          = "\url{http://www.salesforce.com/}"
}

@misc{scikit-learn,
  OPTauthor     = "",
  key           = "scikit-learn",
  title         = "{scikit-learn Machine Learning in Python}",
  year          = {2015},
  note          = "\url{http://scikit-learn.org/}"
}

@misc{office365,
  OPTauthor     = "",
  key           = "Office365",
  title         = "Microsoft Office 365",
  year          = {2015},
  note          = "\url{http://en.wikipedia.org/wiki/Office_365}"
}

@misc{sharepoint,
  OPTauthor     = "",
  key           = "sharepoint",
  title         = "Microsoft SharePoint",
  year          = {2015},
  note          = "\url{http://en.wikipedia.org/wiki/SharePoint}"
}

@INPROCEEDINGS{Sarwar01itembasedcollaborative,
    author = {Badrul Sarwar and George Karypis and Joseph Konstan and John Riedl},
    title = {Itembased Collaborative Filtering Recommendation Algorithms},
    booktitle = www,
    year = {2001},
    pages = {285--295}
}

@inproceedings{idcwhitepaper,
  author        = {Susan Feldman and Julie Rahal Marobella and Joshua Duhl and Alison Crawford},
  title         = {The Hidden Costs of Information Work},
  booktitle     = "IDC, White Paper",
  year          = {2005},
  month         = mar,
  note          = "Available from \url{http://www.scribd.com/doc/6138369/Whitepaper-IDC-Hidden-Costs-0405}"
}

@inproceedings{esn-whitepaper,
  author        = {Michael Chui and James Manyika and Jacques Bughin and Richard Dobbs and Charles Roxburgh and Hugo Sarrazin and Geoffrey Sands and Magdalena Westergren},
  title         = {The Social Economy: Unlocking Value and Productivity Through Social Technologies},
  booktitle     = {McKinsey Global Institute Report},
  year          = {2012},
  month         = jul,
  note          = "Available from \url{http://www.mckinsey.com/insights/high_tech_telecoms_internet/the_social_economy}"
}

@misc{idc11,
  OPTauthor	= {John Gantz and David Reinsel},
  key		= "idc11",
  title		= "IDC IView: Extracting Value from Chaos",
  year          = {2011},
  note		= "\url{http://www.emc.com/collateral/analyst-reports/idc-extracting-value-from-chaos-ar.pdf}"
}

@misc{activedirectory,
  OPTauthor     = {Microsoft},
  key           = "Active Directory",
  title         = "Active Directory",
  year          = {2015},
  note          = "\url{http://msdn.microsoft.com/en-us/library/bb742424.aspx}"
}

@misc{coca,
  OPTauthor     = {Mark Davies},
  key           = "coca",
  title         = "The Corpus of Contemporary American English: 450 million words, 1990-present",
  year          = {2008},
  note          = "Available online at \url{http://corpus.byu.edu/coca/}"
}

@misc{camelcase,
  OPTauthor     = {Microsoft},
  key           = "CamelCase",
  title         = "Capitalization Styles",
  year          = {2015},
  note          = "\url{http://msdn.microsoft.com/en-us/library/x2dbyw72\%28v=vs.71\%29.aspx}"
}

@book{morphology,
  author = {Joan L. Bybee},
  title = {Morphology: A study of the relation between meaning and form},
  volume = {9},
  publisher = {John Benjamins Publishing},
  year = {1985}
}

@book{jolliffe2005principal,
  title={Principal component analysis},
  author={Jolliffe, Ian},
  year={2005},
  publisher={Wiley Online Library}
}


@article{van2009dimensionality,
  title={Dimensionality reduction: A comparative review},
  author={Van der Maaten, Laurens JP and Postma, Eric O and van den Herik, H Jaap},
  journal={Journal of Machine Learning Research},
  volume={10},
  number={1-41},
  pages={66--71},
  year={2009}
}

@article{christidis2012using,
  title={Using latent topics to enhance search and recommendation in Enterprise Social Software},
  author={Christidis, Konstantinos and Mentzas, Gregoris and Apostolou, Dimitris},
  journal={Expert Systems with Applications},
  volume={39},
  number={10},
  pages={9297--9307},
  year={2012},
  publisher={Elsevier}
}

@INPROCEEDINGS{rendle2010factorization,
    author = {Rendle, Steffen},
    title = {Factorization machines},
    booktitle = icdm,
    year = {2010}
}

@inproceedings{salakhutdinov2007restricted,
  title={Restricted boltzmann machines for collaborative filtering},
  author={Salakhutdinov, Ruslan and Mnih, Andriy and Hinton, Geoffrey},
  booktitle=icml,
  year={2007},
}

@article{hinton2006fast,
  title={A fast learning algorithm for deep belief nets},
  author={Hinton, Geoffrey and Osindero, Simon and Teh, Yee-Whye},
  journal={Neural computation},
  volume={18},
  number={7},
  pages={1527--1554},
  year={2006},
  publisher={MIT Press}
}

@article{linden2003amazon,
  title={Amazon. com recommendations: Item-to-item collaborative filtering},
  author={Linden, Greg and Smith, Brent and York, Jeremy},
  journal={Internet Computing},
  volume={7},
  number={1},
  pages={76--80},
  year={2003},
  publisher={IEEE}
}

@inproceedings{breese1998empirical,
  title={Empirical analysis of predictive algorithms for collaborative filtering},
  author={Breese, John S and Heckerman, David and Kadie, Carl},
  booktitle={Conference on Uncertainty in artificial intelligence},
  year={1998}
}

@inproceedings{ngiam2011sparse,
  title={Sparse filtering},
  author={Ngiam, Jiquan and Chen, Zhenghao and Bhaskar, Sonia A and Koh, Pang W and Ng, Andrew Y},
  booktitle={Advances in Neural Information Processing Systems},
  pages={1125--1133},
  year={2011}
}
@inproceedings{dwiticeis15,
  title={Access Prediction for KnowledgeWorkers in Enterprise Data Repositories},
  author={Verma, Chetan and Hart, Michael and Bhatkar, Sandeep and Parker-Woof, Aleatha and Dey, Sujit},
  booktitle={International Conference on Enterprise Information Systems},
  year={2015}
}
@paper{ICWSM09154,
author = {Mathieu Bastian and Sebastien Heymann and Mathieu Jacomy},
title = {Gephi: An Open Source Software for Exploring and Manipulating Networks},
conference = {International AAAI Conference on Weblogs and Social Media},
year = {2009}
}
