@inproceedings{brodley1996identifying,
  title={{Identifying and Eliminating Mislabeled Training Instances}},
  author={Brodley, Carla E and Friedl, Mark A},
  booktitle={Proceedings of the National Conference on Artificial Intelligence},
  year={1996}
}
@inproceedings{zhu2003eliminating,
  title={{Eliminating Class Noise in Large Datasets}},
  author={Zhu, Xingquan and Wu, Xindong and Chen, Qijun},
  booktitle={Machine Learning International Workshop, 2003},
}
@article{fukunaga1971algorithm,
  title={{An Algorithm for Finding Intrinsic Dimensionality of Data}},
  author={Fukunaga, Keinosuke and Olsen, David R},
  journal={IEEE Transactions on Computers, 1971},
}
@article{brezeale2008automatic,
  title={Automatic Video Classification: A Survey of the Literature},
  author={Brezeale, Darin and Cook, Diane J},
  journal={IEEE Transactions on Systems, Man, and Cybernetics, Part C: Applications and Reviews},
  volume={38},
  number={3},
  pages={416--430},
  year={2008},
  publisher={IEEE}
}
@inproceedings{schindler2008internet,
  title={{Internet Video Category Recognition}},
  author={Schindler, Grant and Zitnick, Larry and Brown, Matthew},
  booktitle={IEEE Computer Society Conference on Computer Vision and Pattern Recognition Workshops, 2008.  },
}
@inproceedings{chen2010effective,
  title={{An Effective Method for Video Genre Classification}},
  author={Chen, Jian-Feng and Lu, Hong and Wei, Renzhong and Jin, Cheng and Xue, Xiangyang},
  booktitle={ACM International Conference on Image and Video Retrieval, 2010},
}
@inproceedings{zhang2011improving,
  title={{Improving Video Classification via Youtube Video Co-watch Data}},
  author={Zhang, John R and Song, Yang and Leung, Thomas},
  booktitle={ACM workshop on Social and Behavioural Networked Media Access, 2011},
}
@inproceedings{wang2010youtubecat,
  title={{YouTubeCat: Learning to Categorize Wild Web Videos}},
  author={Wang, Zheshen and Zhao, Ming and Song, Yang and Kumar, Sanjiv and Li, Baoxin},
  booktitle={Proceedings of the IEEE Conference on Computer Vision and Pattern Recognition, 2010},
}
@inproceedings{song2010taxonomic,
  title={{Taxonomic Classification for Web-based Videos}},
  author={Song, Yang and Zhao, Ming and Yagnik, Jay and Wu, Xiaoyun},
  booktitle={Proceedings of the IEEE Conference on Computer Vision and Pattern Recognition, 2010},
}
@inproceedings{chen2010web,
  title={{Web Video Categorization based on Wikipedia Categories and Content-duplicated Open Resources}},
  author={Chen, Zhineng and Cao, Juan and Song, Yicheng and Zhang, Yongdong and Li, Jintao},
  booktitle={Proceedings of the ACM International Conference on Multimedia, 2010},
}
@article{wu2010data,
  title={Data-Driven Approaches to Community-Contributed Video Applications},
  author={Wu, Xiao and Ngo, Chong-Wah and Zhao, Wan-Lei},
  journal={IEEE MultiMedia},
  volume={4},
  number={17},
  pages={58--69},
  year={2010}
}
@inproceedings{ramachandran2009videomule,
  title={{Videomule: a Consensus Learning Approach to Multi-Label Classification from Noisy User-Generated Videos}},
  author={Ramachandran, Chandrasekar and Malik, Rahul and Jin, Xin and Gao, Jing and Nahrstedt, Klara and Han, Jiawei},
  booktitle={Proceedings of the ACM International Conference on Multimedia, 2009},
}
@inproceedings{yang2007multi,
  title={{Multi-Modality Web Video Categorization}},
  author={Yang, Linjun and Liu, Jiemin and Yang, Xiaokang and Hua, Xian-Sheng},
  booktitle={ACM International Workshop on Multimedia Information Retrieval, 2007},
}
@inproceedings{zanetti2008walk,
  title={{A Walk Through the Web’s Video Clips}},
  author={Zanetti, Sara and Zelnik-Manor, Lihi and Perona, Pietro},
  booktitle={IEEE Computer Society Conference on Computer Vision and Pattern Recognition Workshops, 2008 },
}
@ONLINE{Neilson2011,
title = {{Nielsen Report, February 2011}},
url = {http://www.nielsen.com/us/en/insights/news/2011/january-2011-online-video-usage-up-45.html}
}
@incollection{nakayama2007wikipedia,
  title={{Wikipedia Mining for an Association Web Thesaurus Construction}},
  author={Nakayama, Kotaro and Hara, Takahiro and Nishio, Shojiro},
  booktitle={Web Information Systems Engineering, 2007},
  publisher={Springer}
}
@ONLINE{ReverseDictionary,
title = {{Reverse Dictionary}},
url = {http://www.onelook.com/reverse-dictionary.shtml}
}

@article{Marler04,
  title={Survey of Multi-Objective Optimization Methods for Engineering},
  author={Marler, R Timothy and Arora, Jasbir S},
  journal={Structural and multidisciplinary optimization},
  volume={26},
  number={6},
  pages={369--395},
  year={2004},
  publisher={Springer}
}
@article{Hertz94,
  title={A Multi-Criteria Tabu Search Approach to Cell Formation Problems in Group Technology with Multiple Objectives},
  author={Hertz, Alain and Jaumard, Brigitte and Ribeiro, CC and Formosinho Filho, WP},
  journal={Revue fran{\c{c}}aise d'automatique, d'informatique et de recherche op{\'e}rationnelle. Recherche op{\'e}rationnelle},
  volume={28},
  number={3},
  pages={303--328},
  year={1994}
}
@article{kulturel2006multi,
  title={Multi-Objective Tabu Search Using a Multinomial Probability Mass Function},
  author={Kulturel-Konak, Sadan and Smith, Alice E and Norman, Bryan A},
  journal={European Journal of Operational Research},
  volume={169},
  number={3},
  pages={918--931},
  year={2006},
  publisher={Elsevier}
}
@article{SumanAnnealing05,
  title={A survey of Simulated Annealing as a Tool for Single and Multiobjective Optimization},
  author={Suman, Balram and Kumar, Prabhat},
  journal={Journal of the Operational Research Society},
  volume={57},
  number={10},
  pages={1143--1160},
  year={2006},
  publisher={Nature Publishing Group}
}
@article{German84,
  title={Stochastic Relaxation, Gibbs Distributions, and the Bayesian Restoration of Images},
  author={Geman, Stuart and Geman, Donald},
  journal={IEEE Transactions on Pattern Analysis and Machine Intelligence},
  number={6},
  pages={721--741},
  year={1984},
  publisher={IEEE}
}
@article{Papalambros96,
  title={A Note on Weighted Criteria Methods for Compromise Solutions in Multi-Objective Optimization},
  author={Athan, Timothy Ward and Papalambros, Panos Y},
  journal={Engineering Optimization},
  volume={27},
  number={2},
  pages={155--176},
  year={1996},
  publisher={Taylor \& Francis}
}

@book{Bridgman22,
  title={Dimensional analysis},
  author={Bridgman, Percy Williams},
  year={1922},
  publisher={Yale University Press}
}
@article{Koski87,
  title={Norm Methods and Partial Weighting in Multicriterion Optimization of Structures},
  author={Koski, Juhani and Silvennoinen, Risto},
  journal={International Journal for Numerical Methods in Engineering},
  volume={24},
  number={6},
  pages={1101--1121},
  year={1987},
  publisher={Wiley Online Library}
}
@book{YoonHwang95,
  title={Multiple Attribute Decision Making: An Introduction},
  author={Yoon, K Paul and Hwang, Ching-Lai},
  volume={104},
  year={1995},
  publisher={Sage publications}
}
@book{HwangMasud79,
  title={Multiple Objective Decision Making—Methods and Applications},
  author={Hwang, Ching-Lai and Masud, Abu Syed Md},
  year={1979},
  publisher={Springer}
}
@article{Haimes71,
  title={On a Bicriterion Formulation of the Problems of Integrated System Identification and System Optimization},
  author={Haimes, Yacov Y and Lasdon, Leon S and Wismer, David A},
  journal={IEEE Transactions on Systems Man and Cybernetics},
  number={1},
  pages={296--297},
  year={1971}
}
@inproceedings{Hansen97,
  title={Tabu Search for Multiobjective Optimization: MOTS},
  author={Hansen, Michael Pilegaard},
  booktitle={Proceedings of the International Conference on Multiple Criteria Decision Making},
  year={1997}
}
@article{Messac02,
  title={Generating Well-Distributed Sets of Pareto points for Engineering Design using Physical Programming},
  author={Messac, Achille and Mattson, Christopher A},
  journal={Optimization and Engineering},
  volume={3},
  number={4},
  pages={431--450},
  year={2002},
  publisher={Springer}
}
@book{Steuer89,
  title={Multiple Criteria Optimization: Theory, Computation, and Applications},
  author={Steuer, Ralph E},
  year={1986},
  publisher={Wiley}
}
@article{Martinez01,
  title={Manufacturability-based Optimization of Aircraft Structures using Physical Programming},
  author={Martinez, Michael P and Messac, Achille and Rais-Rohani, Masoud},
  journal={AIAA Journal},
  volume={39},
  number={3},
  pages={517--525},
  year={2001}
}
@article{Messac01,
  title={Mathematical and Pragmatic Perspectives of Physical Programming},
  author={Messac, Achille and Sukam, CP and Melachrinoudis, Emanuel},
  journal={AIAA Journal},
  volume={39},
  number={5},
  pages={885--893},
  year={2001}
}
@article{Suman05,
  title={Study of Self-stopping PDMOSA and Performance Measure in Multiobjective Optimization},
  author={Suman, Balram},
  journal={Computers \& chemical engineering},
  volume={29},
  number={5},
  pages={1131--1147},
  year={2005},
  publisher={Elsevier}
}
@inproceedings{Smith04,
  title={Dominance Measures for Multi-objective Simulated Annealing},
  author={Smith, Kevin and Everson, Richard M and Fieldsend, Jonathan E and others},
  booktitle={IEEE Congress on Evolutionary Computation},
  year={2004}
}
@article{Bandyopadhyay08,
  title={A Simulated Annealing-based Multiobjective Optimization Algorithm: AMOSA},
  author={Bandyopadhyay, Sanghamitra and Saha, Sriparna and Maulik, Ujjwal and Deb, Kalyanmoy},
  journal={IEEE Transactions on Evolutionary Computation},
  volume={12},
  number={3},
  pages={269--283},
  year={2008},
  publisher={IEEE}
}
@article{BusingerLinear65,
  title={Linear Least Squares Solutions by Householder Transformations},
  author={Businger, Peter and Golub, Gene H},
  journal={Numerische Mathematik},
  volume={7},
  number={3},
  pages={269--276},
  year={1965},
  publisher={Springer}
}
@inproceedings{ShroffManifold11,
  title={Manifold Precis: An Annealing Technique for Diverse Sampling of Manifolds},
  author={Shroff, Nitesh and Turaga, Pavan and Chellappa, Rama},
  booktitle={Advances in Neural Information Processing Systems},
  year={2011}
}
@book{AartsAnnealing88,
  title={Simulated Annealing and Boltzmann Machines. A Stochastic Approach to Combinatorial Optimization and Neural Computing},
  author={AARTS/KORST.},
  year={1990},
  publisher={John Wiley.}
}
@article{GranvilleSimulated94,
  title={Simulated Annealing: A Proof of Convergence},
  author={Granville, Vincent and K{\v{r}}iv{\'a}nek, Mirko and Rasson, Jean-Paul},
  journal={IEEE Transactions on Pattern Analysis and Machine Intelligence},
  volume={16},
  number={6},
  pages={652--656},
  year={1994},
  publisher={IEEE}
}
@ONLINE{Youtube,
title = {{YouTube}},
url = {www.youtube.com}
}
@ONLINE{Vimeo,
title = {{Vimeo}},
url = {www.vimeo.com}
}

@article{Ludmila03,
  title={Measures of Diversity in Classifier Ensembles and their Relationship with the Ensemble Accuracy},
  author={Kuncheva, Ludmila I and Whitaker, Christopher J},
  journal={Machine learning},
  volume={51},
  number={2},
  pages={181--207},
  year={2003},
  publisher={Springer}
}
@inproceedings{ZhuNovSum13,
  title={A Novel Relational Learning-to-Rank Approach for Topic-focused Multi-document Summarization},
  author={Zhu, Yadong and Lan, Yanyan and Guo, Jiafeng and Du, Pan and Cheng, Xueqi},
  booktitle={Proceedings of the IEEE International Conference on Data Mining},
  year={2013}
  }
@inproceedings{LiEnhanc09,
  title={Enhancing Diversity, Coverage and Balance for Summarization through Structure Learning},
  author={Li, Liangda and Zhou, Ke and Xue, Gui-Rong and Zha, Hongyuan and Yu, Yong},
  booktitle={Proceedings of the ACM International Conference on World Wide Web},
  year={2009}
  }
@inproceedings{KennedyGen08,
  title={Generating Diverse and Representative Image Search Results for Landmarks},
  author={Kennedy, Lyndon S and Naaman, Mor},
  booktitle={Proceedings of the ACM international conference on World Wide Web},
  year={2008}
}
@article{ShroffTMM10,
  title={Video pr{\'e}cis: Highlighting Diverse Aspects of Videos},
  author={Shroff, Nitesh and Turaga, Pavan and Chellappa, Rama},
  journal={IEEE Transactions on Multimedia},
  volume={12},
  number={8},
  pages={853--868},
  year={2010},
  publisher={IEEE}
}
@article{MisraWatch15,
  title={Watch and Learn: Semi-supervised Learning of Object Detectors from Videos},
  author={Misra, Ishan and Shrivastava, Abhinav and Hebert, Martial},
  journal={arXiv preprint arXiv:1505.05769},
  year={2015}
}
@article{WangActive11,
  title={Active Learning in Multimedia Annotation and Retrieval: A Survey},
  author={Wang, Meng and Hua, Xian-Sheng},
  journal={ACM Transactions on Intelligent Systems and Technology (TIST)},
  volume={2},
  number={2},
  pages={10},
  year={2011},
  publisher={ACM}
}
@book{jolliffe2002principal,
  title={Principal Component Analysis},
  author={Jolliffe, Ian},
  year={2002},
  publisher={Wiley Online Library}
}
@article{yang2007weighted,
  title={A Weighted Support Vector Machine for Data Classification},
  author={Yang, Xulei and Song, Qing and Wang, Yue},
  journal={International Journal of Pattern Recognition and Artificial Intelligence},
  volume={21},
  number={05},
  pages={961--976},
  year={2007},
  publisher={World Scientific}
}
@inproceedings{VermaWI13,
  title={Fully Automated Learning for Application-Specific Web Video Classification},
  author={Verma, Chetan and Dey, Shuvashis},
  booktitle={Proceedings of the IEEE/WIC/ACM International Joint Conferences on Web Intelligence and Intelligent Agent Technologies},
  year={2013}
}
@article{mobasher2000automatic,
  title={Automatic Personalization based on Web Usage Mining},
  author={Mobasher, Bamshad and Cooley, Robert and Srivastava, Jaideep},
  journal={Communications of the ACM},
  volume={43},
  number={8},
  pages={142--151},
  year={2000},
  publisher={ACM}
}
@article{GolubNumeri65,
  title={Numerical Methods for Solving Linear Least Squares Problems},
  author={Golub, Gene},
  journal={Numerische Mathematik},
  volume={7},
  number={3},
  pages={206--216},
  year={1965},
  publisher={Springer}
}
@article{ChanRank87,
  title={Rank Revealing QR Factorizations},
  author={Chan, Tony F},
  journal={Linear algebra and its applications},
  volume={88},
  pages={67--82},
  year={1987},
  publisher={Elsevier}
}
@article{GuEfficient96,
  title={Efficient Algorithms for Computing a Strong Rank-revealing QR Factorization},
  author={Gu, Ming and Eisenstat, Stanley C},
  journal={SIAM Journal on Scientific Computing},
  volume={17},
  number={4},
  pages={848--869},
  year={1996},
  publisher={SIAM}
}
@article{salton1975vector,
  title={A Vector Space Model for Automatic Indexing},
  author={Salton, Gerard and Wong, Anita and Yang, Chung-Shu},
  journal={Communications of the ACM},
  volume={18},
  number={11},
  pages={613--620},
  year={1975},
  publisher={ACM}
}